<collection xmlns="http://www.loc.gov/MARC21/slim">
   <record>
      <leader>04004pam a2200469 i 4500</leader>
      <controlfield tag="001">6804984</controlfield>
      <controlfield tag="003">OCoLC</controlfield>
      <controlfield tag="005">20150416132959.0</controlfield>
      <controlfield tag="008">150106t20152015flua     b    001 0 eng c</controlfield>
      <datafield ind1=" " ind2=" " tag="010">
         <subfield code="a">  2014023645</subfield>
      </datafield>
      <datafield ind1=" " ind2=" " tag="015">
         <subfield code="a">GBB4B3852</subfield>
         <subfield code="2">bnb</subfield>
      </datafield>
      <datafield ind1=" " ind2=" " tag="015">
         <subfield code="a">GBB4B5141</subfield>
         <subfield code="2">bnb</subfield>
      </datafield>
      <datafield ind1="7" ind2=" " tag="016">
         <subfield code="a">016891081</subfield>
         <subfield code="2">Uk</subfield>
      </datafield>
      <datafield ind1="7" ind2=" " tag="016">
         <subfield code="a">016892371</subfield>
         <subfield code="2">Uk</subfield>
      </datafield>
      <datafield ind1=" " ind2=" " tag="020">
         <subfield code="a">9781466584617 (pbk. : alk. paper)</subfield>
      </datafield>
      <datafield ind1=" " ind2=" " tag="020">
         <subfield code="a">1466584610 (pbk. : alk. paper)</subfield>
      </datafield>
      <datafield ind1=" " ind2=" " tag="035">
         <subfield code="a">ocn894524457</subfield>
      </datafield>
      <datafield ind1=" " ind2=" " tag="039">
         <subfield code="a">exclude</subfield>
      </datafield>
      <datafield ind1=" " ind2=" " tag="040">
         <subfield code="a">OU/DLC</subfield>
         <subfield code="b">eng</subfield>
         <subfield code="e">rda</subfield>
         <subfield code="c">OSU</subfield>
         <subfield code="d">DLC</subfield>
         <subfield code="d">GZP</subfield>
         <subfield code="d">YDXCP</subfield>
         <subfield code="d">BTCTA</subfield>
         <subfield code="d">BDX</subfield>
         <subfield code="d">UKMGB</subfield>
         <subfield code="d">CDX</subfield>
         <subfield code="d">OCLCO</subfield>
         <subfield code="d">NDD</subfield>
         <subfield code="d">OCLCF</subfield>
         <subfield code="d">AEU</subfield>
      </datafield>
      <datafield ind1=" " ind2=" " tag="042">
         <subfield code="a">pcc</subfield>
      </datafield>
      <datafield ind1="0" ind2="0" tag="050">
         <subfield code="a">QH326</subfield>
         <subfield code="b">.A873 2015</subfield>
      </datafield>
      <datafield ind1="0" ind2="0" tag="082">
         <subfield code="a">576.8/39</subfield>
         <subfield code="2">23</subfield>
      </datafield>
      <datafield ind1=" " ind2=" " tag="090">
         <subfield code="a">QH326 .A873 2015</subfield>
         <subfield code="b">AEGMCT</subfield>
      </datafield>
      <datafield ind1=" " ind2=" " tag="090">
         <subfield code="a">QH 326 A873 2015</subfield>
         <subfield code="b">AEU</subfield>
      </datafield>
      <datafield ind1="0" ind2="0" tag="245">
         <subfield code="a">Astrobiology :</subfield>
         <subfield code="b">an evolutionary approach /</subfield>
         <subfield code="c">edited by Vera M. Kolb (University of Wisconsin-Parkside, Kenosha, Wisconsin, USA).</subfield>
      </datafield>
      <datafield ind1=" " ind2="1" tag="264">
         <subfield code="a">Boca Raton, FL :</subfield>
         <subfield code="b">CRC Press, Taylor &amp; Francis Group,</subfield>
         <subfield code="c">[2015]</subfield>
      </datafield>
      <datafield ind1=" " ind2="4" tag="264">
         <subfield code="c">©2015</subfield>
      </datafield>
      <datafield ind1=" " ind2=" " tag="300">
         <subfield code="a">xxiii, 480 pages :</subfield>
         <subfield code="b">illustrations (some color) ;</subfield>
         <subfield code="c">26 cm</subfield>
      </datafield>
      <datafield ind1=" " ind2=" " tag="336">
         <subfield code="a">text</subfield>
         <subfield code="2">rdacontent</subfield>
         <subfield code="0">http://id.loc.gov/vocabulary/contentTypes/txt</subfield>
      </datafield>
      <datafield ind1=" " ind2=" " tag="337">
         <subfield code="a">unmediated</subfield>
         <subfield code="2">rdamedia</subfield>
         <subfield code="0">http://id.loc.gov/vocabulary/mediaTypes/n</subfield>
      </datafield>
      <datafield ind1=" " ind2=" " tag="338">
         <subfield code="a">volume</subfield>
         <subfield code="2">rdacarrier</subfield>
         <subfield code="0">http://id.loc.gov/vocabulary/carriers/nc</subfield>
      </datafield>
      <datafield ind1=" " ind2=" " tag="504">
         <subfield code="a">Includes bibliographical references and index.</subfield>
      </datafield>
      <datafield ind1="0" ind2=" " tag="505">
         <subfield code="a">Astrobiology: an overview / Aaron David Goldman -- Origin of elements and formation of solar system, planets and exoplanets / Ken Rice -- Astrobiology education and public outreach / Timothy F. Slater -- Analysis of extraterrestrial organic matter in Murchison meteorite: a progress report / Philippe Schmitt-Kopplin, Mourad Harir, Basem Kanawati, Régis Gougeon, Franco Moritz, Norbert Hertkorn, R. Sonny Clary, Istvan Gebefügi, and Zelimir Gabelica -- Prebiotic syntheses of biochemical compounds: an overview / Henderson James (Jim) Cleaves -- Biochemical pathways as evidence for prebiotic syntheses / Gene D. McDonald -- Roles of silicon in life on earth and elsewhere / Joseph B. Lambert and Senthil Andavan Gurusamy-Thangavelu -- Fossil records for early life on earth / David Wacey -- Prebiotic chemistry: in water and in the solid state / Vera M. Kolb -- Encapsulation of organic materials in protocells / Erica A. Frankel, Daniel C. Dewey, and Christine D. Keating -- Role of phosphorus in prebiotic chemistry / Matthew Pasek -- Cold and dry limits of life / Christopher P. McKay, Alfonso F. Davila, and Henry J. Sun -- Microorganisms in space / Gerda Horneck and Ralf Moeller -- Search for life on Mars: an astrogeological approach / Jesús Martínez-Frías -- Elusive definition of life: a survey of main ideas / Radu Popa -- Language and communication as universal requirements for life / Guenther Witzany -- Transition from abiotic to biotic: is there an algorithm for it? / Sara Imari Walker -- Extraterrestrial life: what are we looking for? / Dirk Schulze-Makuch, Louis N. Irwin, and Alberto G. Fairén -- Evolutionary approach to viruses in astrobiology / Matti Jalasvuori and Jaana K.H. Bamford -- Virolution can help us understand the origin of life / Luis P. Villarreal -- Can virolution help us understand recent human evolution? / Luis P. Villarreal.</subfield>
      </datafield>
      <datafield ind1=" " ind2=" " tag="596">
         <subfield code="a">16 29</subfield>
      </datafield>
      <datafield ind1=" " ind2="0" tag="650">
         <subfield code="a">Exobiology.</subfield>
         <subfield code="0">http://id.loc.gov/authorities/subjects/sh90004216</subfield>
      </datafield>
      <datafield ind1=" " ind2="0" tag="650">
         <subfield code="a">Life</subfield>
         <subfield code="x">Origin.</subfield>
         <subfield code="0">http://id.loc.gov/authorities/subjects/sh85076809</subfield>
      </datafield>
      <datafield ind1="1" ind2=" " tag="700">
         <subfield code="a">Kolb, Vera M.,</subfield>
         <subfield code="e">editor.</subfield>
         <subfield code="0">http://id.loc.gov/authorities/names/n93060457</subfield>
         <subfield code="0">http://viaf.org/viaf/272775779</subfield>
      </datafield>
      <datafield ind1=" " ind2=" " tag="758">
         <subfield code="0">http://worldcat.org/entity/work/id/3944609979</subfield>
      </datafield>
      <datafield ind1="0" ind2=" " tag="787">
         <subfield code="n">OCLC Work Id</subfield>
         <subfield code="o">http://worldcat.org/entity/work/id/3944609979</subfield>
      </datafield>
      <datafield ind1=" " ind2=" " tag="949">
         <subfield code="a">QH326 .A873 2015</subfield>
         <subfield code="h">GMCT-OS-B</subfield>
         <subfield code="i">1007558388</subfield>
         <subfield code="p">109.91</subfield>
         <subfield code="k">AVAIL_SOON</subfield>
      </datafield>
      <datafield ind1=" " ind2=" " tag="926">
         <subfield code="a">QH326 .A873 2015</subfield>
         <subfield code="w">LC</subfield>
         <subfield code="c">1</subfield>
         <subfield code="i">1007558388</subfield>
         <subfield code="d">4/29/2015</subfield>
         <subfield code="l">ON_SHELF</subfield>
         <subfield code="m">GR_MACEWAN</subfield>
         <subfield code="p">$109.91</subfield>
         <subfield code="r">Y</subfield>
         <subfield code="s">Y</subfield>
         <subfield code="t">BOOK</subfield>
         <subfield code="u">4/21/2015</subfield>
      </datafield>
      <datafield ind1=" " ind2=" " tag="926">
         <subfield code="a">QH 326 A873 2015</subfield>
         <subfield code="w">LC</subfield>
         <subfield code="c">1</subfield>
         <subfield code="i">0162035291507</subfield>
         <subfield code="d">1/31/2017</subfield>
         <subfield code="e">1/31/2017</subfield>
         <subfield code="k">CHECKEDOUT</subfield>
         <subfield code="l">ON_SHELF</subfield>
         <subfield code="m">UAAUG</subfield>
         <subfield code="n">3</subfield>
         <subfield code="p">$150.00</subfield>
         <subfield code="r">M</subfield>
         <subfield code="s">Y</subfield>
         <subfield code="t">BOOK</subfield>
         <subfield code="u">5/22/2015</subfield>
         <subfield code="z">COUTTS_ADD</subfield>
      </datafield>
   </record>
</collection>
